
@online{DISHASProjectAstronomical,
	title = {About {DISHAS} Project – Astronomical Tables in Database},
	url = {https://dishas.obspm.fr/about},
	urldate = {2022-04-11},
	keywords = {astronomie},
}

@article{hussonHowWritingsEarly2016,
	title = {How Do Writings in the Early Astral Sciences Reveal Mathematical Practices and Practitioners ?},
	url = {https://hal.archives-ouvertes.fr/hal-01538659/document},
	pages = {1--5},
	number = {58},
	journaltitle = {Centaurus},
	author = {Husson, Matthieu and Kremer, Richard L.},
	urldate = {2022-08-13},
	date = {2016},
	keywords = {astronomie},
}

@online{MondeSpheres,
	title = {Le monde en sphères},
	url = {http://expositions.bnf.fr/monde-en-spheres/index.html},
	titleaddon = {Expositions numériques – {BnF}},
	urldate = {2022-04-14},
	keywords = {scenographie},
}

@online{ShapingEuropeanScientific,
	title = {Shaping a European Scientific Scene : Alfonsine Astronomy},
	url = {https://dishas.obspm.fr/alfa/home},
	keywords = {astronomie},
}

@online{ArtReasoningMedieval,
	title = {The Art of Reasoning in Medieval Manuscripts},
	url = {https://art-of-reasoning.huygens.knaw.nl},
	urldate = {2022-04-15},
	keywords = {scenographie},
}

@thesis{gautierConcevoirExpositionVirtuelle2002,
	location = {Bibliothèque interuniversitaire de médecine},
	title = {Concevoir une exposition virtuelle en bibliothèque : enjeux et méthodologie},
	institution = {École nationale supérieure des sciences de l'information et des bibliothèques},
	type = {phdthesis},
	author = {Gautier, France},
	date = {2002},
	keywords = {scenographie},
}

@article{laborderieExpositionsVirtuellesBnF2020,
	title = {Les expositions virtuelles de la {BnF} de 1998 à 2020 : Retour sur 20 ans de pratiques de médiation en ligne.},
	volume = {35},
	pages = {324--330},
	journaltitle = {Culture et Musées},
	author = {Laborderie, Arnaud},
	date = {2020},
	keywords = {scenographie},
}

@book{ministeredelacultureetdelacommunicationChiffresClesStatistiques2021,
	title = {Chiffres clés, statistiques de la culture et de la communication 2021},
	isbn = {978-2-11-141003-9},
	publisher = {Ministère de la Culture - {DEPS}},
	author = {{Ministère de la Culture et de la Communication}},
	date = {2021},
	note = {{OCLC}: 9406147112},
	keywords = {scenographie},
}

@article{bornetMethodePersonasPrincipes2013,
	title = {La méthode des personas : principes, intérêts et limites},
	volume = {Numéro 524},
	url = {https://www.cairn.info/revue-bulletin-de-psychologie-2013-2-page-115.htm},
	doi = {10.3917/bupsy.524.0115},
	abstract = {Relevant d’une démarche méthodologique prospective et créative, la méthode des personas complète la palette des outils à disposition des psychologues, ergonomes et concepteurs, pour appréhender les personnes, les utilisateurs et les clients. L’objet de cet article est de faire le point sur cette méthode assez peu connue. Cet article présente et discute plusieurs définitions des personas, en soulignant qu’il s’agit d’une méthode simplifiée de modélisation d’utilisateurs, créés à partir de données réelles, afin de fournir aux concepteurs de dispositifs techniques, aux spécialistes de commercialisation ou, encore, aux psychologues du travail intervenant en organisation, des informations personnalisées et engageantes. Ensuite, cet article récapitule les théories (le jeu d’acteur, l’empathie et la théorie de l’esprit et le recours aux stéréotypes), à même d’expliquer les processus psychologiques en œuvre dans l’usage des personas, et propose un positionnement théorique, qui soutient que les personas fonctionnent comme des outils cognitifs renforçant la créativité. Finalement, les grands principes de l’élaboration des personas sont présentés – du recueil des données relatives aux utilisateurs à l’utilisation des personas –, afin de donner au lecteur un cadre pour leur rédaction.},
	pages = {115--134},
	number = {2},
	journaltitle = {Bulletin de psychologie},
	shortjournal = {Bulletin de psychologie},
	author = {Bornet, Corinne and Brangier, Éric},
	date = {2013},
	note = {Place: Paris
Publisher: Groupe d'études de psychologie},
	keywords = {scenographie},
}

@article{brangierEffetsPersonasContraintes2012,
	title = {Effets des personas et contraintes fonctionnelles sur l'idéation dans la conception d'une bibliothèque numérique:},
	volume = {Vol. 75},
	issn = {0041-1868},
	url = {https://www.cairn.info/revue-le-travail-humain-2012-2-page-121.htm?ref=doi},
	doi = {10.3917/th.752.0121},
	shorttitle = {Effets des personas et contraintes fonctionnelles sur l'idéation dans la conception d'une bibliothèque numérique},
	pages = {121--145},
	number = {2},
	journaltitle = {Le travail humain},
	author = {Brangier, Éric and Bornet, Corinne and Bastien, Joseph Maurice Christian and Michel, Géraldine and Vivian, Robin},
	urldate = {2022-09-08},
	date = {2012-07-31},
	keywords = {scenographie},
}

@article{hussonAstronomieAlphonsineDans2011a,
	title = {L'astronomie alphonsine dans l'Expositio intentionis regis Alfonsii circa tabulas ejus de Jean de Murs},
	volume = {78},
	issn = {9782711624157},
	url = {https://www.cairn.info/revue-archives-d-histoire-doctrinale-et-litteraire-du-moyen-age-2011-1-page-229.htm},
	doi = {10.3917/ahdlm.078.0229},
	abstract = {{RésuméLes} nombreux renvois faits par Jean de Murs à Alphonse de Castille dans l’Expositio font apparaître que le corpus auquel il se réfère avait bien une existence matérielle. Celui-ci peut être distingué des astronomies alphonsines castillanes et latines, et n’exposait probablement pas, au moins sur certains points, une seule théorie astronomique cohérente mais plutôt une pluralité d’opinions.},
	pages = {229--245},
	number = {1},
	journaltitle = {Archives d'histoire doctrinale et littéraire du Moyen Âge},
	shortjournal = {Archives d'histoire doctrinale et littéraire du Moyen Âge},
	author = {Husson, Matthieu},
	date = {2011},
	note = {Place: Paris
Publisher: Vrin},
	keywords = {astronomie},
}

@article{MedievisteHistorienSciences2004,
	title = {Un médiéviste historien des sciences. Entretien avec Guy Beaujouan, Propos recueillis par Jean-Patrice Boudet, Joël Chandelier et Nicolas Weill-Parot},
	volume = {47},
	issn = {2842921518},
	url = {https://www.cairn.info/revue-medievales-2004-2-page-12.htm},
	doi = {10.4000/medievales.828},
	shorttitle = {Un médiéviste historien des sciences},
	pages = {12--12},
	number = {2},
	journaltitle = {Médiévales},
	shortjournal = {Médiévales},
	date = {2004},
	note = {Place: Saint-Denis
Publisher: Presses universitaires de Vincennes},
	keywords = {astronomie},
}

@incollection{hussonConstruireInstrumentAstronomique2017,
	location = {Saint-Denis},
	title = {Construire un instrument astronomique au xive siècle : le second équatoire de Jean de Lignières},
	isbn = {978-2-84292-586-4},
	url = {https://www.cairn.info/science-et-technique-au-moyen-age--9782842925864-p-223.htm},
	series = {Temps \& Espaces},
	abstract = {La question de l’articulation entre sciences et techniques est abordée ici pour la première fois par des historiens des sciences et des techniques.
Aucune synthèse récente n’existe sur le sujet important que constituent les rapports entre science et technique au Moyen Âge. Ce thème correspond partiellement, en outre, au programme de l’agrégation d’histoire et du {CAPES} d’histoire-géographie pour 2017 et suivantes, qui porte sur « Sciences, techniques, pouvoirs et sociétés » en Europe pour la période xve-xviiie. Cette  mise au point sur la fin du Moyen Âge, se révélera  donc  très utile, tant pour les spécialistes que pour les enseignants et les étudiants préparant ces concours.},
	pages = {223--245},
	booktitle = {Science et technique au Moyen Âge ({XIIe} – {XVe} siècles)},
	publisher = {Presses universitaires de Vincennes},
	author = {Husson, Matthieu},
	date = {2017},
	doi = {10.3917/puv.chan.2017.01.0223},
	keywords = {astronomie},
}

@incollection{audouze100MotsAstronomie2020,
	location = {Paris cedex 14},
	title = {Les 100 mots de l’astronomie},
	isbn = {978-2-7154-0081-8},
	url = {https://www.cairn.info/les-100-mots-de-l-astronomie--9782715400818-p-7.htm},
	series = {Que sais-je ?},
	abstract = {Quel âge les étoiles ont-elles ? Comment prévoir les éclipses ? Qui étaient Kepler, Hubble, Lemaître, Hawking ? La vie extraterrestre existe-t-elle ? L’Univers observable est-il unique ?
Sous la forme d’un abécédaire de 100 mots, à jour des connaissances les plus récentes, Jean Audouze nous invite à partir à la découverte des objets du ciel, des méthodes et des instruments d’observation, des grands noms qui ont fait l’astronomie et des grandes questions qui taraudent les amateurs et les curieux.
Arcs gravitationnels, comètes, galaxies spirales, inflation cosmique, pulsars ou quasars n’auront plus de secrets pour vous !},
	pages = {7--125},
	publisher = {Presses Universitaires de France},
	author = {Audouze, Jean},
	date = {2020},
	keywords = {astronomie},
}

@incollection{belhosteChapitreRevolutionCiel2016,
	location = {Paris},
	title = {Chapitre 4. La révolution du ciel},
	isbn = {978-2-200-61318-1},
	url = {https://www.cairn.info/histoire-de-la-science-moderne--9782200613181-p-105.htm},
	series = {Cursus},
	abstract = {Née en Europe au {XVIe} siècle, la science moderne est l’héritière des traditions savantes de l’Ancien Monde. Son essor est étroitement lié aux grandes mutations de l’époque moderne : développement des échanges et découverte du Nouveau Monde, divisions confessionnelles, formation des États modernes, émergence de nouvelles techniques...
S’appuyant sur les travaux les plus récents en histoire des sciences, ce livre explore les différentes facettes de cette histoire. Il retrace l’exploration du monde à la Renaissance, analyse ce qu’il est convenu d’appeler parfois la révolution scientifique, de Copernic à Newton, et décrit la place centrale occupée par les sciences dans le mouvement des Lumières. Il montre comment la science moderne a accompagné pendant trois siècles le processus de sécularisation qui caractérise la modernité.},
	pages = {105--131},
	booktitle = {Histoire de la science moderne},
	publisher = {Armand Colin},
	author = {Belhoste, Bruno},
	date = {2016},
	keywords = {astronomie},
}

@article{hussonEchoFaitsQuelques2010,
	title = {L'écho des faits. Quelques remarques sur la prise en compte de la réalité sensible dans des textes optiques, astronomiques et musicaux du début du xive siècle},
	volume = {58},
	issn = {9782842922603},
	url = {https://www.cairn.info/revue-medievales-2010-1-page-113.htm},
	doi = {10.4000/medievales.5993},
	abstract = {Les quelques remarques que présente cet article s’inscrivent pleinement dans ce cadre historiographique. Elles sont fondées sur l’étude de textes optiques, astronomiques et musicaux du début du quatorzième siècle dont certains sont devenus des classiques du genre comme l’Expositio de Jean de Murs ou le De iride de Thierry de Freiberg. Nous souhaitons mettre en lumière ici certaines différences entre ces trois disciplines. Le type de « réalité » qu’elles ont à étudier est bien différent. Ces spécificités apparaissent directement aux auteurs médiévaux par le biais de l’observation quotidienne, mais elles induisent aussi des contrastes importants au niveau des autres moyens d’accès à la réalité sensible.},
	pages = {113--128},
	number = {1},
	journaltitle = {Médiévales},
	shortjournal = {Médiévales},
	author = {Husson, Matthieu},
	date = {2010},
	note = {Place: Saint-Denis
Publisher: Presses universitaires de Vincennes},
	keywords = {astronomie},
}

@article{boudetModeleRoiSage2008,
	title = {Le modèle du roi sage aux {XIIIe} et {XIVe} siècles : Salomon, Alphonse X et Charles V},
	volume = {647},
	issn = {9782130568797},
	url = {https://www.cairn.info/revue-historique-2008-3-page-545.htm},
	doi = {10.3917/rhis.083.0545},
	abstract = {{RESUME}
Paradigme du roi sage et juste, Salomon avait aussi, au Moyen Âge, la réputation d’avoir été un roi exorciste et magicien, capable de contraindre les démons à lui obéir. Ce modèle ambivalent a clairement inspiré le roi Alphonse X de Castille (1252-1284) et sa politique de traduction d’ouvrages d’astronomie, d’astrologie et de magie, destinée à percer les secrets de Dieu, de la nature et de son peuple. Mais l’on peut se demander dans quelle mesure ce modèle n’a pas également inspiré le roi de France Charles V (1364-1380) et sa politique de translatio studii, lancée au temps où il n’était encore que dauphin. Une comparaison entre le prologue de la traduction arabo-latine du Quadripartitum de Ptolémée, rédigé par Gilles de Thebaldis, et celui de la traduction latino-française de ce texte, composé par Guillaume Oresme, tous deux édités en annexe à cet article, donne un aperçu des points communs entre les deux démarches et de leurs spécificités.},
	pages = {545--566},
	number = {3},
	journaltitle = {Revue historique},
	shortjournal = {Revue historique},
	author = {Boudet, Jean-Patrice},
	date = {2008},
	note = {Place: Paris cedex 14
Publisher: Presses Universitaires de France},
	keywords = {astronomie},
}

@incollection{vinckDefinitionHumanitesNumeriques2016,
	location = {Paris},
	title = {Définition. Humanités numériques n. f. pl.},
	isbn = {978-2-84670-888-3},
	url = {https://www.cairn.info/humanites-numeriques--9782846708883-p-9.htm},
	series = {Idées reçues},
	shorttitle = {Définition},
	abstract = {« Il ne s’agit pas d’une révolution numérique, mais d’une civilisation numérique ». Cette phrase prononcée par Irina Bokova, directrice de l’Unesco, résume à elle seule l’importance des humanités numériques. Contrairement à ce que l’on pourrait croire, celles-ci ne sont pas l’affaire de quelques geeks lettreux, mais, traitant de notre patrimoine et de nos identités, elles nous concernent tous et nous accompagnent déjà au quotidien. Dématérialisation du savoir, démocratisation de la culture, mais aussi mort du livre et création de nouvelles inégalités, les humanités numériques font débat : quel rapport voulons-nous entretenir avec notre passé et les autres communautés ? Quelles limites fixer à la collecte et à l’exploitation des données ? Comment réguler les usages délictueux ?
Au travers d’une analyse précise et d’exemples concrets, Dominique Vinck montre que les humanités numériques vont bien au-delà de la diffusion de l’informatique. Elles sont un défi posé à notre société pour la nouvelle humanité que nous voulons construire.
Dominique Vinck est Professeur à l’Université de Lausanne (Institut des sciences sociales). Spécialiste de la sociologie des sciences et des techniques, il dirige le laboratoire de cultures et humanités digitales ainsi que la Revue d’Anthropologie des Connaissances.},
	pages = {9--10},
	booktitle = {Humanités Numériques},
	publisher = {Le Cavalier Bleu},
	author = {Vinck, Dominique},
	date = {2016},
	keywords = {humanum},
}

@article{IntroductionIIIF,
	title = {Introduction​ ​à​ ​{IIIF}},
	url = {http://doc.biblissima-condorcet.fr/introduction-iiif},
	journaltitle = {Documentation​ ​Biblissima},
	urldate = {2022-04-14},
	keywords = {iiif},
}

@incollection{hussonArtAstrologicalComputations2021,
	title = {The Art of Astrological Computations: Conrad Heingarter and the Manuscript Paris, {BnF} latin 7295A},
	isbn = {978-3-11-075330-1},
	url = {https://www.degruyter.com/document/doi/10.1515/9783110753301-026/html},
	shorttitle = {The Art of Astrological Computations},
	pages = {513--532},
	booktitle = {Exploring Written Artefacts, Objects, Methods, and Concepts},
	publisher = {De Gruyter},
	author = {Husson, Matthieu},
	editor = {Quenzer, Jörg B.},
	urldate = {2022-04-12},
	date = {2021-10-11},
	doi = {10.1515/9783110753301-026},
	keywords = {astronomie},
	file = {Texte intégral:/Users/anaismazoue/Zotero/storage/R9JM6HBP/Husson - 2021 - The Art of Astrological Computations Conrad Heing.pdf:application/pdf},
}

@online{taburetReflexionsConceptionExposition2017,
	title = {Réflexions sur la conception d’une exposition virtuelle},
	url = {https://cehistoire.hypotheses.org/1025},
	titleaddon = {L'atelier des médiations de "Com'en histoire"},
	author = {Taburet, Arnaud and Rivault, Pierre},
	urldate = {2022-06-10},
	date = {2017-07-17},
	keywords = {scenographie},
}

@incollection{hussonMathematicalAstronomyProduction2019,
	title = {Mathematical Astronomy and the Production of Multiple-Texts Manuscripts in Late Medieval Europe: A Comparison of {BnF} lat. 7197 and {BnF} lat. 7432},
	isbn = {978-3-11-064598-9},
	url = {https://www.degruyter.com/document/doi/10.1515/9783110645989-011/html},
	shorttitle = {Mathematical Astronomy and the Production of Multiple-Texts Manuscripts in Late Medieval Europe},
	pages = {247--274},
	booktitle = {The Emergence of Multiple-Text Manuscripts},
	publisher = {De Gruyter},
	author = {Husson, Matthieu},
	editor = {Bausi, Alessandro and Friedrich, Michael and Maniaci, Marilena},
	urldate = {2022-04-12},
	date = {2019-12-02},
	doi = {10.1515/9783110645989-011},
	keywords = {astronomie},
	file = {Texte intégral:/Users/anaismazoue/Zotero/storage/G5DWB2B9/Husson - 2019 - Mathematical Astronomy and the Production of Multi.pdf:application/pdf},
}

@article{LettreInformationPubliee2020,
	title = {Lettre d’information publiée par le bureau de la diffusion numérique des collections – sous-direction des collections du service des musées de France},
	url = {https://www.culture.gouv.fr/Thematiques/Musees/Actualites/Succes-pour-les-collections-en-ligne-des-musees-durant-le-confinement},
	urldate = {2022-08-18},
	date = {2020-06},
	keywords = {scenographie},
}

@article{gronierMethodesDesignUX2017a,
	title = {Méthodes de design {UX} et démarche qualité appliquées aux bibliothèques universitaires},
	volume = {54},
	issn = {2428-2111, 2431-3467},
	url = {http://www.cairn.info/revue-i2d-information-donnees-et-documents-2017-1-page-46.htm?ref=doi},
	doi = {10.3917/i2d.171.0046},
	pages = {46},
	number = {1},
	journaltitle = {I2D - Information, données \& documents},
	author = {Gronier, Guillaume},
	urldate = {2022-09-14},
	date = {2017},
	langid = {french},
	keywords = {ux},
}

@article{laimayQuoiSertDesign2017,
	title = {À quoi sert le design {UX} ?},
	volume = {54},
	issn = {2428-2111, 2431-3467},
	url = {http://www.cairn.info/revue-i2d-information-donnees-et-documents-2017-1-page-34.htm?ref=doi},
	doi = {10.3917/i2d.171.0034},
	pages = {34},
	number = {1},
	journaltitle = {I2D - Information, données \& documents},
	author = {Laimay, Carole},
	urldate = {2022-09-14},
	date = {2017},
	langid = {french},
	keywords = {ux},
}

@incollection{lejealleOutil59Design2018,
	location = {Paris},
	title = {Outil 59. Le design thinking-l’{UX} (expérience utilisateur)},
	isbn = {978-2-10-077837-9},
	url = {https://www.cairn.info/la-mega-boite-a-outils-du-digital-en-entreprise--9782100778379-p-180.htm},
	series = {{BàO} La Boîte à Outils},
	abstract = {Quels sont les enjeux actuels et futurs du digital en entreprise ? Quelles menaces et opportunités présente-t-il selon les secteurs d’activité ? Comment les processus internes sont-ils transformés ? Comment les relations avec les clients et les partenaires d’affaires évoluent-elles ? Quels sont les concepts clés à connaître pour interagir dans des projets pluridisciplinaires ? Comment assurer son employabilité demain ?Découvrez 100 outils indispensables, quel que soit votre métier, pour appréhender efficacement aujourd’hui et demain ce nouveau paradigme. En interne et en externe, pour vous et vos interlocuteurs, en rupture et en continuité, le digital révolutionne le monde de l’entreprise.},
	pages = {180--181},
	booktitle = {La {MEGA} boîte à outils du Digital en entreprise},
	publisher = {Dunod},
	author = {Lejealle, Catherine},
	date = {2018},
	keywords = {ux},
}

@article{gantierRetroingenierieWebdocumentaireFind2020,
	title = {Rétro-ingénierie du web-documentaire Find me in Kakuma : l’impasse méthodologique du design d’expérience utilisateur},
	issn = {1270-6841, 2101-0366},
	url = {http://journals.openedition.org/edc/10382},
	doi = {10.4000/edc.10382},
	shorttitle = {Rétro-ingénierie du web-documentaire Find me in Kakuma},
	pages = {179--202},
	number = {54},
	journaltitle = {Études de communication},
	shortjournal = {edc},
	author = {Gantier, Samuel and Jousse, Antonin},
	urldate = {2022-09-14},
	date = {2020-07-01},
	keywords = {ux},
	file = {Version soumise:/Users/anaismazoue/Zotero/storage/5ZYIHE78/Gantier et Jousse - 2020 - Rétro-ingénierie du web-documentaire Find me in Ka.pdf:application/pdf},
}

@report{RapportActivite2020,
	title = {Rapport d'activité 2020 - Gallica et la politique de diffusion numérique des collections},
	url = {https://www.bnf.fr/fr/rapport-dactivite-2020-gallica-et-la-politique-de-diffusion-numerique-des-collections},
	urldate = {2022-08-18},
	keywords = {scenographie},
}

@article{chabasAdaptationsOxfordTables2018,
	title = {Adaptations of the Oxford Tables to Paris, Mantua, and Louvain},
	volume = {49},
	issn = {0021-8286, 1753-8556},
	url = {http://journals.sagepub.com/doi/10.1177/0021828617752698},
	doi = {10.1177/0021828617752698},
	abstract = {The Oxford Tables of 1348, also called Tabule anglicane, were computed for the meridian of Oxford in the framework of Alfonsine astronomy. They had a remarkable success, for they are extant in a good number of Latin manuscripts, and they were adapted repeatedly. This paper focuses on these adaptations: the Tabule Parisiensis, with radices for the year 1368 complete and the meridian of Paris, extant in Hebrew and Latin manuscripts; the version made by Mordecai Finzi, with radices for 1443 complete and the meridian of Mantua, preserved in a unique Hebrew manuscript; and the partial adaptation by Henry Baers printed in Latin in Louvain in 1528.},
	pages = {99--115},
	number = {1},
	journaltitle = {Journal for the History of Astronomy},
	shortjournal = {Journal for the History of Astronomy},
	author = {Chabás, José and Goldstein, Bernard R.},
	urldate = {2022-09-14},
	date = {2018-02},
	langid = {english},
	keywords = {astronomie},
	file = {Version soumise:/Users/anaismazoue/Zotero/storage/LV44TY59/Chabás et Goldstein - 2018 - Adaptations of the Oxford Tables to Paris, Mantua,.pdf:application/pdf},
}

@online{DocumentationIIIF,
	title = {Documentation {IIIF}},
	url = {https://iiif.io},
	urldate = {2022-04-14},
	keywords = {iiif},
}

@article{patrignaniBibliothequeApostoliqueVaticane,
	title = {La Bibliothèque Apostolique Vaticane numérise des manuscrits médiévaux},
	url = {https://www.vaticannews.va/fr/vatican/news/2019-10/bibliotheque-apostolique-vaticane-numerisation-manuscrits-site.html},
	journaltitle = {Vatican News},
	author = {Patrignani, Adélaïde},
	urldate = {2022-08-21},
	keywords = {humanum},
}

@unpublished{peyssardIntroductionAuxHumanites2017,
	location = {Aix-Marseille Université},
	title = {Introduction aux humanités numériques},
	url = {https://hal-amu.archives-ouvertes.fr/cel-01445447},
	author = {Peyssard, Jean-Christophe},
	urldate = {2022-08-18},
	date = {2017},
	keywords = {humanum},
}

@online{DataFAIRport,
	title = {Data {FAIRport}},
	url = {https://www.datafairport.org/component/content/article/8_news/9_item1/index.html},
	urldate = {2022-09-05},
	keywords = {humanum},
}

@article{grzechScenographieExpositionMediation,
	title = {La scénographie d’exposition, une médiation par l’espace},
	url = {https://doc.ocim.fr/LO/LO096/LO.96(1)-pp.04-12.pdf},
	journaltitle = {La lettre de l'{OCIM}},
	author = {Grzech, Kinga},
	urldate = {2022-05-21},
	keywords = {scenographie},
}

@collection{greenbergThinkingExhibitions1996,
	location = {London ; New York},
	title = {Thinking about exhibitions},
	pagetotal = {487},
	publisher = {Routledge},
	editor = {Greenberg, Reesa and Ferguson, Bruce W. and Nairne, Sandy},
	date = {1996},
	keywords = {Art, Art exhibition audiences, Exhibition techniques, scenographie},
}

@article{goldsteinMasterDiscipleAlmanac2018,
	title = {The Master and the Disciple: The Almanac of John of Lignères and the Ephemerides of John of Saxony},
	volume = {72},
	issn = {0003-9519, 1432-0657},
	url = {http://link.springer.com/10.1007/s00407-017-0199-2},
	doi = {10.1007/s00407-017-0199-2},
	pages = {21--62},
	number = {1},
	journaltitle = {Archive for History of Exact Sciences},
	shortjournal = {Arch. Hist. Exact Sci.},
	author = {Goldstein, Bernard R. and Chabás, José},
	urldate = {2022-09-14},
	date = {2018-01},
	langid = {english},
	keywords = {astronomie},
	file = {Version soumise:/Users/anaismazoue/Zotero/storage/M9CU669N/Goldstein et Chabás - 2018 - New evidence on Abraham Zacut’s astronomical table.pdf:application/pdf},
}

@article{turConservateurDocumentBat2021,
	title = {Un conservateur, un document – Les bat books},
	url = {https://www.bnf.fr/fr/un-conservateur-un-document-les-bat-books},
	number = {90},
	journaltitle = {Chroniques},
	author = {Tur, Alexandre},
	urldate = {2022-04-07},
	date = {2021-03},
	keywords = {astronomie},
}

@article{laborderieMettreRecitDonnees2018,
	title = {Mettre en récit les données culturelles des bibliothèques numériques: exposition virtuelle et recherche-création},
	url = {https://hal-bnf.archives-ouvertes.fr/hal-01891073},
	journaltitle = {Colloque international sur les bibliothèques et archives à l'ère des humanités numériques},
	author = {Laborderie, Arnaud},
	urldate = {2022-09-01},
	date = {2018-10},
	keywords = {scenographie},
}

@online{debideranPatrimoineTransmediaStorytelling2017,
	title = {Patrimoine et transmedia storytelling, vers une médiation augmentée…},
	url = {https://cehistoire.hypotheses.org/979},
	titleaddon = {L'atelier des médiations de "Com'en histoire"},
	author = {de Bideran, Jessica},
	urldate = {2022-06-10},
	date = {2017-03-31},
	keywords = {scenographie},
}

@article{battyObjectFocusedText2016,
	title = {Object- Focused Text at the British Museum},
	pages = {70--80},
	journaltitle = {Exhibition},
	author = {Batty, Jane and Carr, Julie and Ewdwards, Claire and Francis, David and Frost, Stuart and Miles, Ellie and Penrose, Rebecca},
	date = {2016},
	keywords = {scenographie},
}

@thesis{albouyMediationDonneesRecherche2019,
	title = {Médiation des données de la recherche},
	institution = {École nationale des chartes},
	author = {Albouy, Ségolène},
	date = {2019},
	keywords = {humanum},
}

@thesis{buffetHommageJeanDominiqueCassino2012,
	title = {Hommage à Jean-Dominique Cassino, L'astronome du roi et le satellite : réalisation d'une exposition virtuelle pour la biblothèque de l'Observatoire de Paris},
	institution = {École nationale des chartes},
	author = {Buffet, Loriane},
	date = {2012},
	keywords = {humanum},
}

@online{StoriiiesFreeOnlinea,
	title = {Storiiies - A free online storytelling platform for everyone},
	url = {https://www.cogapp.com/storiiies},
	urldate = {2022-04-04},
	keywords = {iiif},
}

@article{robineauComprendreIIIFInteroperabilite,
	title = {Comprendre​ ​{IIIF}​ ​et​ ​l’interopérabilité​ ​des​ ​bibliothèques​ ​numériques},
	url = {http://bsa.biblio.univ-lille3.fr/blog/2016/11/comprendre-iiif-interoperabilite-bibliotheques-numeriques/},
	journaltitle = {Insula.​ ​Le​ ​blog​ ​de​ ​la​ ​Bibliothèque​ ​des​ ​Sciences​ ​de​ ​l’Antiquité},
	author = {Robineau, Régis},
	urldate = {2022-04-14},
	keywords = {iiif},
}

@article{baldiniGalileoGalilei1998,
	title = {Galileo Galilei},
	volume = {51},
	url = {https://www.treccani.it/enciclopedia/galileo-galilei_(Dizionario-Biografico)},
	journaltitle = {Dizionario Biografico degli Italiani},
	author = {Baldini, Ugo},
	urldate = {2022-09-10},
	date = {1998},
}

@article{aalbersbergFAIRGuidingPrinciples2016,
	title = {The {FAIR} Guiding Principles for scientific data management and stewardship},
	url = {https://www.nature.com/articles/sdata201618citeas},
	number = {3},
	journaltitle = {Sci Data},
	author = {Aalbersberg, {IJsbrand} Jan and Dumontier, Michel and Wilkinson, Mark D.},
	urldate = {2022-08-19},
	date = {2016},
}

@article{federicivescoviniGiovanniBianchini1968,
	title = {Giovanni Bianchini},
	volume = {10},
	url = {https://www.treccani.it/enciclopedia/giovanni-bianchini_(Dizionario-Biografico)},
	journaltitle = {Dizionario Biografico degli Italiani},
	author = {Federici Vescovini, Graziella},
	urldate = {2022-09-10},
	date = {1968},
}

@book{foucherAtlasInfluenceFrancaise2013,
	location = {Paris},
	title = {Atlas de l'influence française au {XXIe} siècle},
	isbn = {978-2-221-13835-9},
	publisher = {Institut Français : Robert Laffont},
	author = {Foucher, Michel and Mounier, Pierre},
	date = {2013},
	note = {{OCLC}: 861571679},
}